%! Author = leocr
%! Date = 29/03/2025

