%! Author = leocr
%! Date = 29/03/2025

@article{thorsten,
  author    = {Thorsten Lehnert and Christian C.P. Wolff},
  title     = {Scale-consistent Value-at-Risk},
  journal   = {Finance Research Letters},
  volume    = {1},
  number    = {4},
  pages     = {205--219},
  year      = {2004},
  issn      = {1544-6123},
  doi       = {10.1016/j.frl.2004.03.002},
  publisher = {Elsevier},
  note      = {Limburg Institute of Financial Economics, Maastricht University and Centre for Economic Policy Research},
}

@article{pagan1990alternative,
  title={Alternative models for conditional stock volatility},
  author={Pagan, Adrian R and Schwert, G William},
  journal={Journal of econometrics},
  volume={45},
  number={1-2},
  pages={267--290},
  year={1990},
  publisher={Elsevier}
}

@book{christoffersen2003elements,
  title={Elements of financial risk management},
  author={Christoffersen, Peter F},
  year={2003},
  publisher={Academic Press}
}

@book{jorion2006value,
  title={Value at risk: The new benchmark for managing financial risk},
  author={Jorion, Philippe},
  year={2006},
  edition={3rd},
  publisher={McGraw-Hill}
}

@book{silverman1986density,
  title={Density estimation for statistics and data analysis},
  author={Silverman, B. W.},
  year={1986},
  publisher={Chapman and Hall/CRC}
}

@book{david2003order,
  title={Order Statistics},
  author={David, Herbert A and Nagaraja, H N},
  edition={3rd},
  year={2003},
  publisher={John Wiley \& Sons}
}
